<?xml version="1.0" encoding="UTF-8"?><collection xmlns="http://www.loc.gov/MARC21/slim"><record><leader>00422nam--2200109-i-4500</leader><controlfield tag="001">000037264</controlfield><controlfield tag="002">20161230</controlfield><controlfield tag="005">20161230201041</controlfield><controlfield tag="008">060222s1000------------r-----000-0-eng-d</controlfield><datafield ind1=" " ind2=" " tag="245"><subfield code="a">Problemes juridiques et administratifs de la protection dans l`emploi pacifique de l`energie nucleaire. actes officiels de la conference internationale tenue a bruxelles, 5-8 sept., 1960</subfield></datafield><datafield ind1=" " ind2=" " tag="260"><subfield code="a">Bruxelles, Euratom, 1961, 1256p</subfield></datafield><datafield ind1=" " ind2=" " tag="852"><subfield code="a">18450</subfield></datafield></record></collection>